% This file was created with JabRef 2.9.2.
@book{adams1995hitchhiker,
  title={The Hitchhiker's Guide to the Galaxy},
  author={Adams, D.},
  isbn={9781417642595},
  url={http://books.google.com/books?id=W-xMPgAACAAJ},
  year={1995},
  publisher={San Val}
}

@book{1,
  title={United nations publication,sales no.E.07.VIII.7 ISBN: 978-92-1-116973-7}
}

@book{2,
  title={Traffic signs localisation for highways inventory from a video camera on board a moving collection van.Proceedings of Conference on Intelligent Vehicles},
  author={Arnoul,Viala,Guerin, J.P & Mergy}
  }
  
@book{3,
  title={A curvature-based scheme for improving road vehicle guidance by computer vision, Mobile Robots},
  author={E.D. Dickmanns, A. Zapp},
  year={october 1986}
  }
 
@book{4,
  title={Rapidly adapting machine vision for automated vehicle steering},
  author={D. Pommerleau,T. Jochem}
  }
  
  @book{5,
  title={A parallel real-time stereo vision system for generic obstacle and lane detection},
  author={M. Bertozzi, A. Broggi, GOLD}
  }
  
  @book{6,
  title={Autonomous driving approaches downtown},
  author={U. Franke, D. Gavrila, S. Gorzig, F. Lindner, F. Paetzold, C. Wohler}
  }
  
  @book{7,
  title={An image processing system for driver assistance},
  author={U. Handmann, T. Kalinke, C. Tzomakas, M. Werner}
  }
  
  @book{8,
  title={Landmark perception planning for mobile robot localization,Integrated Computer-Aided Engineering},
  author={M.A. Salichs, J.Ma Armingol, L. Moreno, A.de la Escalera}
  }
  
  @book{9,
  title={Traffic sign recognition and analysis for intelligent vehicles ,Division of Systems Engineering and Automation, Universidad Carlos III de Madrid, C/Butarque 15, 28911 Legane´s, Madrid, Spain},
  author={A.de la Escalera, J.Ma Armingol, M. Mata},
  year={received 22 October 2000; accepted 24 October 2002}
  }
  
  @book{10,
  title={road and traffic sign detection and recognition},
  author={Hasan Fleyeh, Mark Doucherty}
  }
  
  @book{11,
  title={Visual attention: from bio-inspired modeling to real time implementation,},
  author={Nabil Ouerhani,Phd thesis, IMT, university of Neuchâtel},
  year={2003}
  }
  @book{12,
  title={Hue and Saturation in the RGB color space },
  author={Martin Loesdau, Sébastien Chabrier and Alban Gabillon, Laboratoire d’Excellence CORAIL Géopôle du Pacifique Sud,Université de la Polynésie française }
  }
  @book{13,
  title={Visual attention: from bio-inspired modeling to real time implementation},
  author={Nabil Ouerhani,PhD thesis, IMT, university of Neuchâtel},
  year={2003}
  }
  @book{14,
  title={An Efficient Real-Time Traffic Sign Recognition System for Intelligent Vehicles with Smart Phones},
  author={Ching-Hao Lai & Chia-Chen Yu  (Emerging Smart Technology Institute}
  }
  @book{15,
  title={segmentation of road signs",Canadian
Conference on Electrical and Computer Engineering,Vol.3, pp.1823-1826},
  author={M. Benallal and J. Meunier},
  year={2003}
  }
  @book{16,
  title={A study on traffic sign recognition in scene image using genetic algorithm and neural networks},
  author={Y. Aoyagi and T. Asakura}
  }
  @book{17,
  title={Goal evaluation of segmentation algorithms for Traffic sign recognition”},
  author={H.G.Moreno , S.M.Bascón , P.G.Jiménez.and  S.F.Arroyo}
  }
  @book{18,
  title={A system for traffic sign detection ,tracking and recognition using color, shape and motion Information},
  author={ Claus Bahlmann, Ying Zhu, Ramesh Visvanathan, M.Pellkofer and K.Thorsten}
  }
  @book{19,
  title={Low cost hardware Implementation for sraffic sign detection system, IEEE Asia Pacific Conference on Circuit and System, pp.363-366, 2014},
  author={Anh-Tuan Hoang, Tetsush Koide and Masaharu Yamamoto},
  year={2014}
  }
  @book{20,
  title={Circular road sign extraction from street level images using color, shape and texture databases maps,titled in International Archives of Photogrammetry, Remote Sensing and Spatial Informational services in IAPRS,Vol.38,pp.205-210},
  author={ Aurore Arlicot,Bahman Soheilian and Nicolas Paparoditis},
  year={2009}
  }
  @book{21,
  title={FPGA-Based traffic sign recognition for advanced driver assistance systems”,Journal of Transportation Technologies, Vol.3, pp.1- 16},
  author={S.Waite and E.Oruklu},
  year={2013}
  }
  @book{22,
  title={traffic sign recognition using mser and random forests ,visual information laboratory, university of Bristol},
  author={Jack Greenhalgh and Majid Mirmehdi}
  }
   @ARTICLE{23,
   author={Hubaux,Capkun & Jun Luo},
  title={The security and privacy of smart vehicles,IEEE Security & Privacy Magazine(2004),2(3),49–55.doi:10.1109/msp.2004.26}
  }
  @book{24,
  title={Publication du conseil national des assurences (CNA),recueil de textes legislatifs et reglementaires,Code de circulation, Permis de conduire & Contrôle technique Automobile},
  year={Juin 2012}
  }
  @book{25,
  title={Connectivity of the mutual k-nearest-neighbor graph in clustering and outlier detection. Statistics & Probability Letters, 35(1), 33–42},
  author={Brito, M.R, Chávez, E.L, Quiroz, A. J & Yukich},
  year={1997}
    }
   @book{26,
  title={Use of K-Nearest Neighbor classifier for intrusion detection. Computers & Security, 21(5), 439–448},
  author={Liao & Vemuri},
  year={2002}
    }
   @book{27,
  title={On the number of clusters,Computational Statistics & Data Analysis,83–96.doi:10.1016/s0167-9473(96)00022-9},
  author={A.Hardy},
  year={1996}
    }   
 @book{28,
  title={Learn data science, machine learning,Introduction to K-means Clustering},
  Author={ Andrea Trevino},
  year={December 6, 2016}
    }      
  @book{29,
  title={Traffic condition recognition using the K-means clustering method.Scientia Iranica,18(4),930–937.doi:10.1016/j.scient.2011.07.004},
  Author={Montazeri-Gh,& Fotouhi},
  year={2011}
    }      
    @book{30,
  title={Feature Extraction for Traffic Incident Detection Using Wavelet Transform and Linear Discriminant Analysis},
  Author={A. Saman H. Adeli  (27 June 2003)}
    }      
   @book{31,
  title={Recognition and classification of traffic signs using machine learning techniques},
  Author={Sandeep Rai, Kaminee Pachlasiya.( International Journal of Computer Applications (0975 – 8887)Volume 169 – No.10},
  year={July 2017}
    }      
  @book{32,
  title={statistical learning theory,Wiley,New York,NY},
  Author={V.Vapnik},
  year={1998}
    }      
 @book{33,
  title={Support vector machines for traffic signs recognition. 2008 IEEE International Joint Conference on Neural Networks (IEEE World Congress on Computational Intelligence},
  Author={Min Shi, Haifeng Wu, & Hasan Fleyeh,(2008)}
    }      
@book{34,
  title={Traffic sign shape classification evaluation I: SVM using distance to borders. IEEE Proceedings. Intelligent Vehicles Symposium, 2005.doi:10.1109/ivs.2005.1505162},
  Author={Lafuente-Arroyo, S., Gil-Jimenez, P., Maldonado-Bascon,Lopez-Ferreras,(2005)}
    }     
@book{35,
  title={A logical calculus of ideas immanent in nervous activity," bulletin of mathematical biophysics 5(4): 115–133, 1943},
  Author={W.Mcculloch and W.Pitts}
    }     
@book{36,
  title={Reconnaissance de caractères à l'aide de réseaux de neurones},
  Author={Etienne Moutot},
  year={24 octobre 2014}
    }     
@book{37,
  title={ Application des réseaux de neurones dans le controle d'acces par identification de visage," EMP, PFE},
  Author={Guiatni Mohammed et Fellah Khaled},
  year={2002}
    }   
@book{38,
  title={les réseaux de neurones artificiels,Introduction au connexionnisme},
  Author={Claude Touzet},
  year={27 Juin 2016}
    }   
@book{39,
  title={Multi-column deep neural network for traffic sign classification,neural networks, 32,333–338.doi:10.1016/j.neune},
  Author={Cireşan,Meier,Masci & Schmidhuber},
  year={02.2012}
    }   
@book{40,
  title={Malaysia traffic sign recognition with convolutional neural network. 2015 IEEE international conference on digital signal processing (DSP).doi:10.1109/icdsp.2015.7252029},
  Author={Mian Mian Lau,King Hann Lim,& Gopalai},
  year={2015}
    } 
@book{41,
  title={Recognition of traffic signs by artificial neural network,proceedings of 'icnn'-international conference on neural networks. doi:10.1109/icnn.1995.487372},
  Author={Ghica,Si Wei Lu & Xiaobu Yuan}
    } 
@book{42,
  title={Neural network system of traffic signs recognition.2017 XX IEEE International conference on soft computing and measurements (scm).doi:10.1109/scm.2017.7970605 },
  Author={Filatov, D. M, Ignatiev & Serykh},
  year={2017}
    }   
[18]:35 
@book{43,
  title={A Comparative study of classification methods for traffic signs recognition,IEEE international conference on industrial technology (icit)},
  Author={Wahyono and Kang-Hyun Jo},
  year={Feb 26,2014.Busan,Korea.}
    }  
@book{44,
  title={Comparative survey on traffic sign detection and recognition: a review.doi:10.15199/48},
  Author={Safat B. Wali, Mohammad A.Hannan ,Aini Hussain , Salina A. Samad},
  year={2015.12.08}
    }  
   
    @book{45,
  title={The cycle-cutset method for improving search performance in AI applications. university of california, computer ccience department},
  Author={R. Dechter and J. Pearl},
  year={1986}
    }   
    @book{46,
  title={Multi-Valued and Universal Binary Neurons : Theory, Learning and Applications. Springer Science & Business Media},
  Author={I. Aizenberg, N. N. Aizenberg, and J. P. Vandewalle},
  year={2013}
    }   
    @book{47,
  title={Mémoire de fin d’études pour l’obtention du diplôme de master en Informatique, Option: modèle Intelligent et Décision(M.I.D)},
  Author={ Moualek Djaloul Youcef},
  year={2016-2017}
    }   
    @book{48,
  title={Reconnaissance de caractères à l'aide de réseaux de neurones},
  Author={Moutot et Etienne},
  year={2014}
    }   
      @book{49,
  title={On discriminative vs. generative classifiers : A comparison of logistic regression and naive bayes,Advances in neural information processing systems, vol. 2, pp. 841–848},
  Author={A. Y. Ng and M. I. Jordan},
  year={2002}
    }  
    
    @book{50,
  title={Long-term recurrent convolutional networks for visual recognition and description,in Proceedings of the IEEE conference on computer vision and pattern recognition, pp. 2625–2634},
  Author={J. Donahue, L. Anne Hendricks, S. Guadarrama, M. Rohrbach, S. Venugopalan, K. Saenko, and T. Darrell},
  year={2015}
    }    
 @book{51,
  title={A learning algorithm for boltzmann machines,” Cognitive science,vol. 9, no. 1, pp. 147–169},
  Author={D. H. Ackley, G. E. Hinton, and T. J. Sejnowski},
  year={1985}
    }    
@book{52,
  title={Restricted boltzmann machines for collaborative filtering,” in proceedings of the 24th international conference on Machine learning, pp. 791–798, ACM},
  Author={R. Salakhutdinov, A. Mnih, and G. Hinton},
  year={2007}
    }  
   @book{53,
  title={A practical guide to training restricted boltzmann machines,” Momentum, vol. 9, no. 1, p. 926},
  Author={G. Hinton},
  year={2010}
    }   
 @book{54,
  title={A fast learning algorithm for deep belief nets,” Neural computation, vol. 18, no. 7, pp. 1527–1554},
  Author={G. E. Hinton, S. Osindero, and Y.-W. Teh},
  year={2006}
    }  
   
@book{55,
  title={Deep Learning for text data mining: Solving spreadsheet data classification,faculty of science and technology,master},
  Author={Aleksandr Kimashev},
  year={2017}
   } 
 
 @misc{56,
  title = {{Retropropagation of convolutional neural networks: from intuition to derivation}},
 howpublished = "\url{https://grzegorzgwardys.wordpress.com/2016/04/22/8/}",
 note = "[Online]"
    } 
  @misc{57,
  title={{Une première introduction au Deep Learning}},
 howpublished ="\url{phttps://blogs.msdn.microsoft.com/}",
 note = "[Online]"
    } 
 @book{58,
  title={Deep Learning for text data mining: Solving spreadsheet data classification,FACULTY OF SCIENCE AND TECHNOLOGY,these master},
  Author={Aleksandr Kimashev},
  year={2017}
   } 
  
@book{59,
  title={ImageNet classification with deep convolutional neural networks,Advances in Neural Information Processing Systems, vol. 25},
  Author={Krizhevsky, A., I. Sutskever, et G. E. Hinton},
  year={2012}
   }
   @book{60,
  title={A unified architecture for natural language processing: Deep neural networks with multitask learning,in In Proceedings of the 25th international conference on machine learning , pp. 160-167},
  Author={Collobert, R., & Weston, J},
  year={July,2008}
   }
  
  @article{simonyan2014very,
  title={Very deep convolutional networks for large-scale image recognition},
  author={Simonyan, Karen and Zisserman, Andrew},
  journal={arXiv preprint arXiv:1409.1556},
  year={2014}
}
@article{61,
  title={ImageNet Classification with Deep Convolutional
Neural Networks},
  author={Alex Krizhevsky, Ilya Sutskever, Geoffrey E. Hinton},
  year={NIPS2012}
}
@article{62,
  title={Visualizing and understanding convolutional networks},
  author={Zeiler,MatthewD.,	and	Rob	Fergus},
   journal={European	Conference	on	Computer	Vision.	Springer	International	Publishing},
  year={2014}
}

@article{63,
  title={Going	deeper	with	convolutions},
  author={Szegedy,	Christian,	et	al.},
   journal={Proceedings	of	the	IEEE conference	on	computer vision	and	pattern	recognition},
  year={2015}
}
@article{64,
  title={Gradient-based	learning applied to	document	recognition},
  author={LeCun,Y.,	Bottou,	L.,	Bengio,	Y.,	and	Haffner},
   journal={Proceedings	of the IEEE,86(11),	2278–2324},
  year={1998}
}

@article{65,
  title={Very deep convolutional networks for largescale image recognition},
  author={Simonyan,	Karen,	and	Andrew	Zisserman},
   journal={arXiv preprint,arXiv:1409.1556},
  year={2014}
}
 
 @inproceedings{43022,
title	= {Going Deeper with Convolutions},
author	= {Christian Szegedy and Wei Liu and Yangqing Jia and Pierre Sermanet and Scott Reed and Dragomir Anguelov and Dumitru Erhan and Vincent Vanhoucke and Andrew Rabinovich},
year	= {2015},
URL	= {http://arxiv.org/abs/1409.4842},
booktitle	= {Computer Vision and Pattern Recognition (CVPR)}
}



 @article{Stallkamp2012,
title = "Man vs. computer: Benchmarking machine learning algorithms for traffic sign recognition",
journal = "Neural Networks",
volume = "",
number = "0",
pages = " - ",
year = "2012",
note = "",
issn = "0893-6080",
doi = "10.1016/j.neunet.2012.02.016",
url = "http://www.sciencedirect.com/science/article/pii/S0893608012000457",
author = "J. Stallkamp and M. Schlipsing and J. Salmen and C. Igel",
keywords = "Traffic sign recognition",
keywords = "Machine learning",
keywords = "Convolutional neural networks",
keywords = "Benchmarking"
}